<marcxml:record xmlns:marcxml="http://www.loc.gov/MARC21/slim" xmlns:idx="info:lc/xq-modules/lcindex" xmlns:madsrdf="http://www.loc.gov/mads/rdf/v1#" xmlns:ri="http://id.loc.gov/ontologies/RecordInfo#" xmlns:xlink="http://www.w3.org/1999/xlink" xmlns:rdf="http://www.w3.org/1999/02/22-rdf-syntax-ns#" xmlns:mets="http://www.loc.gov/METS/" xmlns:semtriples="http://marklogic.com/semantic" xmlns:xsi="http://www.w3.org/2001/XMLSchema-instance" xmlns:streams="info:lc/streams#">
            <marcxml:leader>01509cz  a2200205n  4500</marcxml:leader>
            <marcxml:controlfield tag="001">sh2007010999</marcxml:controlfield>
            <marcxml:controlfield tag="003">DLC</marcxml:controlfield>
            <marcxml:controlfield tag="005">20080118075839.0</marcxml:controlfield>
            <marcxml:controlfield tag="008">080117|| anannbabn          |a ana      </marcxml:controlfield>
            <marcxml:datafield tag="010" ind1=" " ind2=" ">
              <marcxml:subfield code="a">sh2007010999</marcxml:subfield>
            </marcxml:datafield>
            <marcxml:datafield tag="040" ind1=" " ind2=" ">
              <marcxml:subfield code="a">DLC</marcxml:subfield>
              <marcxml:subfield code="b">eng</marcxml:subfield>
              <marcxml:subfield code="c">DLC</marcxml:subfield>
            </marcxml:datafield>
            <marcxml:datafield tag="110" ind1="2" ind2=" ">
              <marcxml:subfield code="a">Temple of the Dioscuri in the Roman Forum (Rome, Italy)</marcxml:subfield>
            </marcxml:datafield>
            <marcxml:datafield tag="410" ind1="2" ind2=" ">
              <marcxml:subfield code="a">Castor and Pollux in the Roman Forum, Temple of (Rome, Italy)</marcxml:subfield>
            </marcxml:datafield>
            <marcxml:datafield tag="410" ind1="2" ind2=" ">
              <marcxml:subfield code="a">Dioscuri in the Roman Forum, Temple of the (Rome, Italy)</marcxml:subfield>
            </marcxml:datafield>
            <marcxml:datafield tag="410" ind1="2" ind2=" ">
              <marcxml:subfield code="a">Temple of Castor and Pollux in the Roman Forum (Rome, Italy)</marcxml:subfield>
            </marcxml:datafield>
            <marcxml:datafield tag="551" ind1=" " ind2=" ">
              <marcxml:subfield code="w">g</marcxml:subfield>
              <marcxml:subfield code="a">Italy</marcxml:subfield>
              <marcxml:subfield code="x">Antiquities</marcxml:subfield>
            </marcxml:datafield>
            <marcxml:datafield tag="550" ind1=" " ind2=" ">
              <marcxml:subfield code="w">g</marcxml:subfield>
              <marcxml:subfield code="a">Temples</marcxml:subfield>
              <marcxml:subfield code="z">Italy</marcxml:subfield>
            </marcxml:datafield>
            <marcxml:datafield tag="670" ind1=" " ind2=" ">
              <marcxml:subfield code="a">Work cat.: 97105013: The Temple of Castor and Pollux, 1992:</marcxml:subfield>
              <marcxml:subfield code="b">p. 5 (in the Forum Romanum; only pillars from front survive)</marcxml:subfield>
            </marcxml:datafield>
            <marcxml:datafield tag="670" ind1=" " ind2=" ">
              <marcxml:subfield code="a">Capitolium.or -- Imperial fora official website - Rome, Italy, Dec. 28, 2007</marcxml:subfield>
              <marcxml:subfield code="b">(The Temple of the Dioscuri in the Roman Forum)</marcxml:subfield>
            </marcxml:datafield>
            <marcxml:datafield tag="670" ind1=" " ind2=" ">
              <marcxml:subfield code="a">Temple of the Dioscuri, Forum Romanum (Photo archive) via WWW, Dec. 28, 2007</marcxml:subfield>
              <marcxml:subfield code="b">("The Temple of Castor and Pollux (Templum Castorum or Aedes Castoris) introduced the Greek cult of the dioscuri into Rome, in its very heart, the Forum Romanum, where it is located between Basilica Julia acress the Vicus Tuscus, the Temple of Divus Julius, the Arch of Augustus an the Temple of Vesta. [...] As many other buildings on the Forum Romanu, the temple has suffered destruction, looting and ruin since Antiquity. Today the podium survives without the facing, and of the temple proper remain only three columns and a piece of the architrave.")</marcxml:subfield>
            </marcxml:datafield>
          </marcxml:record>
